@article{liu2016attention,
  title={Attention-based recurrent neural network models for joint intent detection and slot filling},
  author={Liu, Bing and Lane, Ian},
  journal={arXiv preprint arXiv:1609.01454},
  year={2016}
}

@inproceedings{hemphill1990atis,
  title={The ATIS spoken language systems pilot corpus},
  author={Hemphill, Charles T and Godfrey, John J and Doddington, George R and others},
  booktitle={Proceedings of the DARPA speech and natural language workshop},
  pages={96--101},
  year={1990}
}

@article{wolpert1992stacked,
  title={Stacked generalization},
  author={Wolpert, David H},
  journal={Neural networks},
  volume={5},
  number={2},
  pages={241--259},
  year={1992},
  publisher={Elsevier}
}

@inproceedings{zeng2014relation,
  title={Relation Classification via Convolutional Deep Neural Network.},
  author={Zeng, Daojian and Liu, Kang and Lai, Siwei and Zhou, Guangyou and Zhao, Jun and others},
  booktitle={COLING},
  pages={2335--2344},
  year={2014}
}

@article{guo2017deepfm,
  title={DeepFM: A Factorization-Machine based Neural Network for CTR Prediction},
  author={Guo, Huifeng and Tang, Ruiming and Ye, Yunming and Li, Zhenguo and He, Xiuqiang},
  journal={arXiv preprint arXiv:1703.04247},
  year={2017}
}

@inproceedings{lin2016neural,
  title={Neural Relation Extraction with Selective Attention over Instances.},
  author={Lin, Yankai and Shen, Shiqi and Liu, Zhiyuan and Luan, Huanbo and Sun, Maosong},
  booktitle={ACL (1)},
  year={2016}
}

@article{hu2016harnessing,
  title={Harnessing deep neural networks with logic rules},
  author={Hu, Zhiting and Ma, Xuezhe and Liu, Zhengzhong and Hovy, Eduard and Xing, Eric},
  journal={arXiv preprint arXiv:1603.06318},
  year={2016}
}

@inproceedings{pennington2014glove,
  title={Glove: Global vectors for word representation},
  author={Pennington, Jeffrey and Socher, Richard and Manning, Christopher},
  booktitle={Proceedings of the 2014 conference on empirical methods in natural language processing (EMNLP)},
  pages={1532--1543},
  year={2014}
}

@article{kingma2014adam,
  title={Adam: A method for stochastic optimization},
  author={Kingma, Diederik and Ba, Jimmy},
  journal={arXiv preprint arXiv:1412.6980},
  year={2014}
}

@article{kaiser2017learning,
  title={Learning to remember rare events},
  author={Kaiser, {\L}ukasz and Nachum, Ofir and Roy, Aurko and Bengio, Samy},
  journal={arXiv preprint arXiv:1703.03129},
  year={2017}
}

@article{fei2006one,
  title={One-shot learning of object categories},
  author={Fei-Fei, Li and Fergus, Rob and Perona, Pietro},
  journal={IEEE transactions on pattern analysis and machine intelligence},
  volume={28},
  number={4},
  pages={594--611},
  year={2006},
  publisher={IEEE}
}

@inproceedings{koch2015siamese,
  title={Siamese neural networks for one-shot image recognition},
  author={Koch, Gregory and Zemel, Richard and Salakhutdinov, Ruslan},
  booktitle={ICML Deep Learning Workshop},
  volume={2},
  year={2015}
}

@inproceedings{vinyals2016matching,
  title={Matching networks for one shot learning},
  author={Vinyals, Oriol and Blundell, Charles and Lillicrap, Tim and Wierstra, Daan and others},
  booktitle={Advances in Neural Information Processing Systems},
  pages={3630--3638},
  year={2016}
}

@inproceedings{santoro2016meta,
  title={Meta-learning with memory-augmented neural networks},
  author={Santoro, Adam and Bartunov, Sergey and Botvinick, Matthew and Wierstra, Daan and Lillicrap, Timothy},
  booktitle={International conference on machine learning},
  pages={1842--1850},
  year={2016}
}

@inproceedings{wang2017multi,
  title={Multi-attention network for one shot learning},
  author={Wang, Peng and Liu, Lingqiao and Shen, Chunhua and Huang, Zi and van den Hengel, Anton and Shen, Heng Tao},
  booktitle={2017 IEEE conference on computer vision and pattern recognition, CVPR},
  pages={22--25},
  year={2017}
}

@article{qiao2017few,
  title={Few-Shot Image Recognition by Predicting Parameters from Activations},
  author={Qiao, Siyuan and Liu, Chenxi and Shen, Wei and Yuille, Alan},
  journal={arXiv preprint arXiv:1706.03466},
  year={2017}
}

@inproceedings{li2017initializing,
  title={Initializing Convolutional Filters with Semantic Features for Text Classification},
  author={Li, Shen and Zhao, Zhe and Liu, Tao and Hu, Renfen and Du, Xiaoyong},
  booktitle={Proceedings of the 2017 Conference on Empirical Methods in Natural Language Processing},
  pages={1885--1890},
  year={2017}
}

@inproceedings{wangcombining17,
  author    = {Jin Wang, Zhongyuan Wang, Dawei Zhang, Jun Yan},
  title     = {Combining Knowledge with Deep Convolutional Neural Networks for Short Text Classification},
  booktitle = {Proceedings of the Twenty-Sixth International Joint Conference on
               Artificial Intelligence, {IJCAI-17}},
  pages     = {2915--2921},
  year      = {2017},
  doi       = {10.24963/ijcai.2017/406},
  url       = {https://doi.org/10.24963/ijcai.2017/406},
}

@inproceedings{hu2016deep,
  title={Deep Neural Networks with Massive Learned Knowledge.},
  author={Hu, Zhiting and Yang, Zichao and Salakhutdinov, Ruslan and Xing, Eric P},
  booktitle={EMNLP},
  pages={1670--1679},
  year={2016}
}

@article{guo2017knowledge,
  title={Knowledge Graph Embedding with Iterative Guidance from Soft Rules},
  author={Guo, Shu and Wang, Quan and Wang, Lihong and Wang, Bin and Guo, Li},
  journal={arXiv preprint arXiv:1711.11231},
  year={2017}
}

@inproceedings{xiao2017symbolic,
  title={Symbolic Priors for RNN-based Semantic Parsing},
  author={Xiao, Chunyang and Dymetman, Marc and Gardent, Claire},
  booktitle={wenty-sixth International Joint Conference on Artificial Intelligence (IJCAI-17)},
  pages={4186--4192},
  year={2017}
}

@article{demeester2016lifted,
  title={Lifted rule injection for relation embeddings},
  author={Demeester, Thomas and Rockt{\"a}schel, Tim and Riedel, Sebastian},
  journal={arXiv preprint arXiv:1606.08359},
  year={2016}
}

@inproceedings{alashkar2017examples,
  title={Examples-Rules Guided Deep Neural Network for Makeup Recommendation.},
  author={Alashkar, Taleb and Jiang, Songyao and Wang, Shuyang and Fu, Yun},
  booktitle={AAAI},
  pages={941--947},
  year={2017}
}

@article{xu2017semantic,
  title={A semantic loss function for deep learning with symbolic knowledge},
  author={Xu, Jingyi and Zhang, Zilu and Friedman, Tal and Liang, Yitao and Broeck, Guy Van den},
  journal={arXiv preprint arXiv:1711.11157},
  year={2017}
}